@article{Henderson,
	ISSN = {0006341X, 15410420},
	URL = {http://www.jstor.org/stable/2530428},
	journal = {Biometrics},
	number = {2},
	pages = {391--411},
	publisher = {[Wiley, International Biometric Society]},
	title = {Building Multiple Regression Models Interactively},
	volume = {37},
	year = {1981}
}

@article{Howard,
	author = {{Howard J. Seltman}},
	ISSN = {0000000120970344},
	URL = {https://books.google.de/books?id=8UOCDwAAQBAJ},
	publisher = {[Carnegie Mellon University]},
	title = {Experimental Design and Analysis},
	volume = {153},
	year = {2012},
	
	note = "[Online; accessed 10-November-2022]"
}

@article{Christ,
	author = {{Christopher Hay-Jahans}},
	ISSN = {9780429827273},
	URL = {https://books.google.de/books?id=8UOCDwAAQBAJ},
	publisher = {[CRC Press]},
	title = {R Companion to Elementary Applied Statistics},
	year = {2019},
	
	note = "[Online; accessed 10-November-2022]"
}


@article{text,
	author = {{Christian Heumann, Michael Schomaker, Shalab}},
	ISSN = {978-3-319-46160-1},
	URL = {https://link.springer.com/chapter/10.1007/978-3-319-46162-5_3},
	pages = {37--66},
	publisher = {[Springer, Cham]},
	title = {Introduction to Statistics and Data Analysis},
	year = {2017},
	note = "[Online; accessed 10-November-2022]"
}


who
@misc{ WHO,
	author = "{WHO contributors}",
	title = "Variance --- {WHO}{,}  Life expectancy and healthy life expectancy",
	year = "2020",
	howpublished = "\url{https://www.who.int/data/gho/data/themes/mortality-and-global-health-estimates/ghe-	    life-expectancy-and-healthy-life-expectancy}",
	note = "[Online; accessed 10-November-2022]"
}

@Manual{ Python,
	title = {Python: A Language and Environment for Statistical Computing},
	author = {{Python Development Core Team}},
	year = {2020},
	note = "[Online; accessed 10-November-2022]"
}

@misc{python,
	author = "{evenios publishing Armin Stro√ü-Radschinski sole trader}",
	title = "Python",
	year="2011",
	howpublished = "\url{https://www.python.org/}",
	note = "[Online; accessed 10-November-2022]"
}

@article{seaborn,
	doi = {10.21105/joss.03021},
	url = {https://doi.org/10.21105/joss.03021},
	year = {2021},
	publisher = {The Open Journal},
	volume = {6},
	number = {60},
	pages = {3021},
	author = {Michael L. Waskom},
	title = {seaborn: statistical data visualization},
	journal = {Journal of Open Source Software},
	note = "[Online; accessed 10-November-2022]"
}

@article{matplotlib,
	Author    = {Hunter, J. D.},
	Title     = {Matplotlib: A 2D graphics environment},
	Journal   = {Computing in Science \& Engineering},
	Volume    = {9},
	Number    = {3},
	Pages     = {90--95},
	abstract  = {Matplotlib is a 2D graphics package used for Python for
	application development, interactive scripting, and publication-quality
	image generation across user interfaces and operating systems.},
	publisher = {IEEE COMPUTER SOC},
	doi       = {10.1109/MCSE.2007.55},
	year      = 2007,
	note = "[Online; accessed 10-November-2022]"
}



@article{ numpy,
	title         = {Array programming with {NumPy}},
	author        = {Charles R. Harris and K. Jarrod Millman},
	year          = {2020},
	journal       = {Nature},
	volume        = {585},
	number        = {7825},
	pages         = {357--362},
	publisher     = {Springer Science and Business Media {LLC}},
	url           = {https://doi.org/10.1038/s41586-020-2649-2},
	note = "[Online; accessed 10-November-2022]"
}

@software{ pandas,
	author       = {Pandas development team},
	title        = {pandas-dev/pandas: Pandas},
	month        = feb,
	year         = 2020,
	publisher    = {Zenodo},
	version      = {latest},
	doi          = {10.5281/zenodo.3509134},
	url          = {https://doi.org/10.5281/zenodo.3509134},
	note = "[Online; accessed 10-November-2022]"
}



